<collection xmlns="http://www.loc.gov/MARC21/slim">
<record>
  <leader>02223nam0a2200421 i 450 </leader>
  <controlfield tag="001">IT\ICCU\CNCE\017102</controlfield>
  <controlfield tag="005">20120531000000.0</controlfield>
  <datafield tag="012" ind1=" " ind2=" ">
    <subfield code="a">zae. e:o, i.o, i,o. (C) 1555 (R)</subfield>
    <subfield code="2">fei</subfield>
  </datafield>
  <datafield tag="100" ind1=" " ind2=" ">
    <subfield code="a">19970101d1555        0itac0103    ba</subfield>
  </datafield>
  <datafield tag="101" ind1=" " ind2=" ">
    <subfield code="a">ITA</subfield>
  </datafield>
  <datafield tag="102" ind1=" " ind2=" ">
    <subfield code="a">IT</subfield>
  </datafield>
  <datafield tag="200" ind1="1" ind2=" ">
    <subfield code="a">Cato tradotto de versi latini in volgari. Con noue epitaphij de homini, e donne famose. Con diligentia, per Notturno Napolitano</subfield>
  </datafield>
  <datafield tag="210" ind1=" " ind2=" ">
    <subfield code="a">In Venetia</subfield>
    <subfield code="c">per Mattio Pagano in Frezzaria</subfield>
    <subfield code="d">al segno della Fede</subfield>
    <subfield code="d">1555</subfield>
    <subfield code="e">Stampato in Venetia</subfield>
    <subfield code="g">per Mattio Pagano</subfield>
    <subfield code="h">in Frezzaria</subfield>
    <subfield code="h">al segno de la Fede</subfield>
    <subfield code="h">1555</subfield>
  </datafield>
  <datafield tag="215" ind1=" " ind2=" ">
    <subfield code="a">\8! c.</subfield>
    <subfield code="d">8ʻ</subfield>
  </datafield>
  <datafield tag="300" ind1=" " ind2=" ">
    <subfield code="a">Opera di incerto autore, attribuita sia a M. Porcio Catone sia a Catone Dionisio</subfield>
  </datafield>
  <datafield tag="500" ind1="1" ind2="1">
    <subfield code="3">IT\ICCU\CNCE\017097</subfield>
    <subfield code="a">Dicta Catonis</subfield>
  </datafield>
  <datafield tag="620" ind1=" " ind2=" ">
    <subfield code="a">IT</subfield>
    <subfield code="d">Venezia</subfield>
  </datafield>
  <datafield tag="702" ind1=" " ind2="0">
    <subfield code="a">Notturno Napoletano</subfield>
    <subfield code="3">IT\ICCU\CNCA\006825</subfield>
  </datafield>
  <datafield tag="702" ind1=" " ind2="1">
    <subfield code="a">Cato,</subfield>
    <subfield code="b">Marcus Porcius</subfield>
    <subfield code="3">IT\ICCU\CNCA\010196</subfield>
  </datafield>
  <datafield tag="702" ind1=" " ind2="0">
    <subfield code="a">Cato Dionysius</subfield>
    <subfield code="3">IT\ICCU\CNCA\013740</subfield>
  </datafield>
  <datafield tag="712" ind1="0" ind2="0">
    <subfield code="a">Pagano, Matteo</subfield>
    <subfield code="3">IT\ICCU\CNCT\000430</subfield>
    <subfield code="4">650</subfield>
  </datafield>
  <datafield tag="790" ind1=" " ind2="0">
    <subfield code="a">Syrena nocturna neapolitana</subfield>
    <subfield code="3">IT\ICCU\CNCA\019981</subfield>
    <subfield code="z">Notturno Napoletano</subfield>
  </datafield>
  <datafield tag="790" ind1=" " ind2="1">
    <subfield code="a">Cato Censorius,</subfield>
    <subfield code="b">Marcus Porcius</subfield>
    <subfield code="3">IT\ICCU\CNCA\016740</subfield>
    <subfield code="z">Cato, Marcus Porcius</subfield>
  </datafield>
  <datafield tag="790" ind1=" " ind2="0">
    <subfield code="a">Cato  Maior</subfield>
    <subfield code="3">IT\ICCU\CNCA\018590</subfield>
    <subfield code="z">Cato, Marcus Porcius</subfield>
  </datafield>
  <datafield tag="790" ind1=" " ind2="1">
    <subfield code="a">Catone,</subfield>
    <subfield code="b">Marco Porcio</subfield>
    <subfield code="3">IT\ICCU\CNCA\018591</subfield>
    <subfield code="z">Cato, Marcus Porcius</subfield>
  </datafield>
  <datafield tag="790" ind1=" " ind2="0">
    <subfield code="a">Catone</subfield>
    <subfield code="3">IT\ICCU\CNCA\018592</subfield>
    <subfield code="z">Cato, Marcus Porcius</subfield>
  </datafield>
  <datafield tag="790" ind1=" " ind2="0">
    <subfield code="a">Catone Dionisio</subfield>
    <subfield code="3">IT\ICCU\CNCA\018749</subfield>
    <subfield code="z">Cato Dionysius</subfield>
  </datafield>
  <datafield tag="790" ind1=" " ind2="1">
    <subfield code="a">Cato,</subfield>
    <subfield code="b">Dionysius</subfield>
    <subfield code="3">IT\ICCU\CNCA\023242</subfield>
    <subfield code="z">Cato Dionysius</subfield>
  </datafield>
  <datafield tag="790" ind1=" " ind2="0">
    <subfield code="a">Cato</subfield>
    <subfield code="3">IT\ICCU\CNCA\023243</subfield>
    <subfield code="z">Cato Dionysius</subfield>
  </datafield>
  <datafield tag="790" ind1=" " ind2="0">
    <subfield code="a">Dyonisius Cato</subfield>
    <subfield code="3">IT\ICCU\CNCA\023244</subfield>
    <subfield code="z">Cato Dionysius</subfield>
  </datafield>
  <datafield tag="791" ind1="0" ind2="2">
    <subfield code="a">℗al segno della ℗Fede</subfield>
    <subfield code="c"> &lt;1542-1562&gt;</subfield>
    <subfield code="3">IT\ICCU\CNCT\002837</subfield>
    <subfield code="z">Pagano, Matteo</subfield>
  </datafield>
  <datafield tag="791" ind1="0" ind2="0">
    <subfield code="a">Pagan, Matthio</subfield>
    <subfield code="3">IT\ICCU\CNCT\005257</subfield>
    <subfield code="z">Pagano, Matteo</subfield>
  </datafield>
  <datafield tag="791" ind1="0" ind2="0">
    <subfield code="a">Paganus, Matheus</subfield>
    <subfield code="3">IT\ICCU\CNCT\005258</subfield>
    <subfield code="z">Pagano, Matteo</subfield>
  </datafield>
  <datafield tag="801" ind1=" " ind2="3">
    <subfield code="a">IT</subfield>
    <subfield code="b">ICCU</subfield>
    <subfield code="c">20201114</subfield>
  </datafield>
  <datafield tag="899" ind1=" " ind2=" ">
    <subfield code="a">Biblioteca Angelica. Roma</subfield>
    <subfield code="1">RM0290</subfield>
    <subfield code="2">RML 06</subfield>
  </datafield>
  <datafield tag="899" ind1=" " ind2=" ">
    <subfield code="a">Biblioteca comunale. Treviso</subfield>
    <subfield code="1">TV0114</subfield>
    <subfield code="2">VIA CT</subfield>
  </datafield>
  <datafield tag="911" ind1=" " ind2=" ">
    <subfield code="a">Sul front.</subfield>
    <subfield code="9">IT\ICCU\CNCM\001134</subfield>
  </datafield>
  <datafield tag="921" ind1=" " ind2=" ">
    <subfield code="a">IT\ICCU\CNCM\001134</subfield>
    <subfield code="b">Due mani che si stringono sormontate da iniziali M.P. In cornice figurata.</subfield>
    <subfield code="c">Z526</subfield>
    <subfield code="d">Dimensioni: 5,5 x 5</subfield>
    <subfield code="f">MANI</subfield>
    <subfield code="f">MP</subfield>
    <subfield code="g">1555-1558</subfield>
  </datafield>
</record>
</collection>
